% This file was created with JabRef 2.10b2.
% Encoding: UTF-8


@Book{Mathworks2015,
  Author                   = {\url{http://ch.mathworks.com/help/matlab/numeric-types.html}},
  Year                     = {2015},
  Month                    = {November},

  Owner                    = {andrej},
  Timestamp                = {2012.01.01}
}

@Book{Wehner2003,
  Title                    = {Karl von Frisch lectures},
  Author                   = {{R. Wehner}},
  Publisher                = {Springer},
  Year                     = {July 2003},

  Owner                    = {andrej},
  Timestamp                = {2012.01.07}
}

@Book{Wehner1998,
  Title                    = {Letters to Nature Vol.394},
  Author                   = {{R. Wehner et al.}},
  Publisher                = {Macmillan},
  Year                     = {July 1998},

  Owner                    = {andrej},
  Timestamp                = {2012.01.07}
}

@Book{Wehner1988,
  Title                    = {Neurobioligy Vol. 85},
  Author                   = {{R. Wehner et al.}},
  Publisher                = {Proc. Natl. Acad. Sci. USA},
  Year                     = {July 1988},

  Owner                    = {andrej},
  Timestamp                = {2012.01.07}
}

@Book{GordonTeam2008,
  Title                    = {MSSSM - Thesis GordonTeam},
  Author                   = {{V.Megaro, E.Rudel}},
  Publisher                = {ETH},
  Year                     = {2008},

  Owner                    = {andrej},
  Timestamp                = {2012.01.01}
}

@comment{jabref-meta: selector_publisher:}

@comment{jabref-meta: selector_author:}

@comment{jabref-meta: selector_journal:}

@comment{jabref-meta: selector_keywords:}

